@misc{wiki:history,
    author = "Wikipedia",
    title = "History of the Internet",
    year = "2015",
    month = "September",
    url = "\url{https://en.wikipedia.org/wiki/History_of_the_Internet}" 
}

@misc{ibm:storage,
    author = "IBM",
    title = "IBM 350 disk storage unit",
    year = "1956",
    url = "\url{https://www-03.ibm.com/ibm/history/exhibits/storage/storage_350.html}" 
   
}

@article{article:largestHardDrive,
    author = "Sebastian Anthony",
    title = "Samsung unveils 2.5-inch 16TB SSD: The world’s largest hard drive",
    year = "2015",
    month = "Aug"
    url = "\url{http://arstechnica.com/gadgets/2015/08/samsung-unveils-2-5-inch-16tb-ssd-the-worlds-largest-hard-drive/}" 
    
}
@misc{wiki:HardDrivesHistory,
    author = "Wikipedia",
    title = "History of hard disk drives",
    year = "2015",
    url = "\url{https://en.wikipedia.org/wiki/History_of_hard_disk_drives}" 
    
}
@inproceedings{inproceedings:LibraryResearch,
    author = "Rider, Fremont",
    booktitle = "The Scholar and the Future of the Research Library, a Problem and its Solution",
    year = "1944",
    url = "\url{https://www-03.ibm.com/ibm/history/exhibits/storage/storage_350.html}" 
    publisher = {Hadham Press},
    address = {New York, NY, USA},
    note = "[Online; accessed 10-December-2015]"
}
@inproceedings{inproceedings:SmallToBigScience,
    author = "Derek J. de Solla Price",
    booktitle = "Little Science, Big Science and Beyond",
    year = "1986",
    url = "\url{http://www.andreasaltelli.eu/file/repository/Little_science_big_science_and_beyond.pdf}" 
    publisher = {COLUMBIA University Press},
    address = {New York City, NY, USA},
    note = "[Online; accessed 08-December-2015]"
}
@article{article:GigabyteDataSets,
    author = "Steve Bryson, David Kenwright, Michael Cox, David Ellsworth, and Robert Haimes",
    title = "Visually exploring gigabyte data sets in real time",
    year = "1999",
    month = "August"
    url = "\url{http://www.andreasaltelli.eu/file/repository/Little_science_big_science_and_beyond.pdf}" 
    publisher = {Communications of the ACM,
    address = {ACM New York, NY, USA},
    note = "[Online; accessed 01-December-2015]"
}
@misc{linkedin:RogerMagoulas,
    author = "LinkedIn",
    title = "Personal Profile",
    url = "\url{https://www.linkedin.com/in/rmagoulas}" 
    note = "[Online; accessed 01-December-2015]"
}

@misc{oreilly:CentralSurvey,
    author = " John King, Roger Magoulas",
    title = "2015 Data Science Salary Survey",
    url = "\url{https://www.oreilly.com/ideas/2015-data-science-salary-survey}" 
    year = "2015",
    month = "September"
    note = "[Online; accessed 07-October-2015]"
}
@misc{wiki:Pyhton,
    author = "Wikipedia",
    title = "Python (programming language)",
    url = "\url{https://en.wikipedia.org/wiki/Python_(programming_language)}" 
    note = "[Online; accessed 01-June-2015]"
}
@misc{python:Example0,
    author = "Wikipedia",
    title = "Python Success Stories",
    url = "\url{https://www.python.org/about/success/}" 
    note = "[Online; accessed 25-November-2015]"
}
@misc{python:Example1,
    author = "ForecastWatch",
    title = "A project built solely in Python",
    url = "\url{http://www.forecastwatch.com/}" 
    note = "[Online; accessed 17-November-2015]"
}
@misc{python:Example2,
    author = "Open Source",
    title = "Molecular Modelling Toolkit",
    url = "\url{http://dirac.cnrs-orleans.fr/MMTK/}" 
    note = "[Online; accessed 18-November-2015]"
}
@article{python:Example3,
    author = "Konrad Hinsen, Andrei-Jose Petrescu, Serge Dellerue, Marie-Claire Ballisent-Funel, and Gerald R. Kneller",
    title = "Harmonicity in slow protein dynamics",
    journal = {Science Direct},
    issue_date = {1 November 2000,},
    volume = {261},
    issn = {1-2},
    pages = {25-37},
    numpages = {12},
    url = {http://dirac.cnrs-orleans.fr/plone/publications/preprints/all-preprints/harmonicity.pdf},
    keywords = {Inelastic neutron scattering; Protein dynamics; Molecular dynamics; Brownian dynamics; Normal modes},
    note = "[Online; accessed 10-December-2015]"
}
@article{python:Example4,
    author = "Konrad Hinsen, Aline Thomas, and Martin J. Field",
    title = "Analysis of domain motions in large proteins",
    journal = {PubMed},
    issue_date = {15 February 1999},
    volume = {261},
    issn = {1-2},
    pages = {25-37},
    numpages = {12},
    url = {http://dirac.cnrs-orleans.fr/plone/publications/preprints/all-preprints/harmonicity.pdf},
    keywords = {Inelastic neutron scattering; Protein dynamics; Molecular dynamics; Brownian dynamics; Normal modes},
    note = "[Online; accessed 10-December-2015]"
}
@article{python:Example5,
    author = "Javad Golji, and Mohammad R.K. Mofrad",
    title = "A Molecular Dynamics Investigation of Vinculin Activation",
    journal = {PMC},
    issue_date = {9 Aug 2010},
    url = {http://www.ncbi.nlm.nih.gov/pmc/articles/PMC2920635/},
    note = "[Online; accessed 12-December-2015]"
}
@article{python:Example6,
    author = "Grégoire Montavon, and Klaus-Robert Müller",
    title = "Deep Boltzmann Machines and the Centering Trick",
    journal = {Springer LNCS},
    issue_date = {2012},
    url = {http://gregoire.montavon.name/publications/montavon-lncs12.pdf},
    keywords = {Deep Boltzmann machine, centering, reparameterization,
unsupervised learning, optimization, representations},
    note = "[Online; accessed 09-December-2015]"
}
@misc{python:Example7,
    author = "Industrial Light \& Magic", 
    title = "Special effects for movies",
    url = "\url{http://www.ilm.com/}" 
    note = "[Online; accessed 15-December-2015]"
}
@misc{r:Basic,
    author = "Wikipedia", 
    title = "R (programming language)",
    url = "\url{https://en.wikipedia.org/wiki/R_(programming_language)}" 
    note = "[Online; accessed 10-September-2015]"
}
@article{r:Example0,
    author = "Yves Rosseel",
    title = "lavaan: An R Package for Structural Equation Modeling",
    journal = {Journal of Statistical Software},
    issue_date = {24 Mai 2012},
    volume = {48},
    issn = {2}, 
    url = {http://www.jstatsoft.org/article/view/v048i02},
    note = "[Online; accessed 10-December-2015]"
}
@misc{r:Tseries,
    author = "Adrian Trapletti, Kurt Hornik, and Blake LeBaron", 
    title = "Time Series Analysis and Computational Finance",
    year = "2015",
    month = "February" 
    url = "\url{https://cran.r-project.org/web/packages/tseries/tseries.pdf}" 
    note = "[Online; accessed 15-September-2015]"
}
@misc{r:Nlme,
    author = "José Pinheiro, Douglas Bates, Saikat DebRoy, Deepayan Sarkar, EISPACK authors, R-core", 
    title = "Linear and Nonlinear Mixed Effects Models",
    year = "2015",
    month = "August" 
    url = "\url{https://cran.r-project.org/web/packages/nlme/nlme.pdf}" 
    note = "[Online; accessed 05-November-201]"
}
@misc{r:Ape,
    author = "Emmanuel Paradis, Simon Blomberg, Ben Bolker, Julien Claude, Hoa Sien Cuong, Richard Desper, Gilles Didier, Benoit Durand, Julien Dutheil, Olivier Gascuel", 
    title = "Analyses of Phylogenetics and Evolution",
    year = "2015",
    month = "November" 
    url = "\url{https://cran.r-project.org/web/packages/ape/ape.pdf}" 
    note = "[Online; accessed 05-November-2015 earlier version]"
}
@article{r:Example1,
    author = "Frauke Günther, Stefan Fritsch",
    title = "neuralnet: Training of Neural Networks",
    journal = {The R Journal},
    issue_date = {1, June 2010},
    volume = {2}
    url = {hhttps://journal.r-project.org/archive/2010-1/RJournal_2010-1_Guenther+Fritsch.pdf},
    note = "[Online; accessed 11-December-2015]"
}
@article{r:Example2,
    author = "John Fox, Sanford Weisberg",
    title = "neuralnet: Training of Neural Networks",
    booktitle = {R Companion to Applied Regression},
    issue_date = {13, December 2010},
    volume = {2}
    url = {hhttps://journal.r-project.org/archive/2010-1/RJournal_2010-1_Guenther+Fritsch.pdf},
    note = "[Online; accessed 11-December-2015]"
}
@misc{forum:Biostars,
    author = "Biostars Forum", 
    title = "Time Series Analysis and Computational Finance",
    year = "2015",
    url = "\url{https://www.biostars.org/p/72173/}" 
    note = "[Online; accessed 10-August-2015]"
}
@misc{forum:Stackexcahnge,
    author = "StackExchange Forum", 
    title = "Forum for statistical questions",
    year = "2015",
    url = "\url{http://stats.stackexchange.com/}" 
    note = "[Online; accessed 11-August-2015]"
}
@misc{forum:Stackoverflow,
    author = "Stackoverflow Forum", 
    title = "Forum for statistical questions in programming",
    year = "2015",
    url = "\url{http://stackoverflow.com/questions/tagged/statistics}" 
    note = "[Online; accessed 11-August-2015]"
}
@article{article:LanguageComparison,
    author = "S. Boragan Aruoba, Jes˙s Fernandez-Villaverde",
    title = "A Comparison of Programming Languages in Economics",
    issue_date = {5, August 2014},
    url = {http://economics.sas.upenn.edu/~jesusfv/comparison_languages.pdf},
    note = "[Online; accessed 18-December-2015]"
}

@misc{dataQuest:LanguageComparison,
    author = "DataQuest", 
    title = "R vs Python: head to head data analysis",
    year = "2015",
    month = "October"
    url = "\url{https://www.dataquest.io/blog/python-vs-r/}" 
    note = "[Online; accessed 19-December-2015]"
}
@misc{python:Doc,
    author = "Python Org.", 
    title = "Python official documentation",
    year = "2015",
    url = "\url{https://www.python.org/doc/}" 
    note = "[Online; accessed 01-June-2015]"
}
@misc{python:SciPy,
    author = "SciPy.org", 
    title = "Python based ecosystem for statistical and analytical tasks",
    year = "2015",
    url = "\url{http://www.scipy.org/}" 
    note = "[Online; accessed 01-June-2015 earlier version]"
}
@misc{python:Statsmodels,
    author = "Statsmodels", 
    title = "Python module for statistical tasks",
    year = "2012",
    url = "\url{http://statsmodels.sourceforge.net/}" 
    note = "[Online; accessed 01-August-2015]"
}
@misc{python:Seaborn,
    author = "Michael Waskom", 
    title = "Seaborn: statistical data visualization",
    year = "2012",
    url = "\url{http://stanford.edu/~mwaskom/software/seaborn/}" 
    note = "[Online; accessed 12-September-2015]"
}    
@misc{python:Tensorflow,
    author = "Google Brain Team", 
    title = "Open Source Software Library for Machine Intelligence",
    year = "2015",
    url = "\url{https://www.tensorflow.org/}" 
    note = "[Online; accessed 20-December-2015]"
}
@misc{r:BasePackage,
    author = "R core", 
    title = "The R base Package",
    url = "\url{https://stat.ethz.ch/R-manual/R-devel/library/base/html/00Index.html}" 
    note = "[Online; accessed 05-September-2015]"
}   
@misc{r:Stats,
    author = "R core", 
    title = "The R Stats Package",
    url = "\url{https://stat.ethz.ch/R-manual/R-patched/library/stats/html/00Index.html}" 
    note = "[Online; accessed 12-September-2015]"
}  
@misc{r:OO,
    author = "Hadley Wickham", 
    title = "OO field guide",
    url = "\url{http://adv-r.had.co.nz/OO-essentials.html}" 
    note = "[Online; accessed 12-November-2015]"
}
@misc{r:BigData,
    author = {Ostrouchov, G. and Chen, W.-C. and Schmidt, D. and Patel, P.},
    title = {Programming with Big Data in R},
    year = {2012},
    url = {http://r-pbd.org/}
    note = "[Online; accessed 12-November-2015]"
} 
@misc{python:MemoryProfiler,
    author = "Fabian Pedregosa, Philippe Gervais",
    title = "Memory Profiler",
    year = "2015",
    url = {http://r-pbd.org/}
    note = "[Online; accessed 24-November-2015]"
}